%% Insert References here %%

@article{chen-2023,
	author = {Chen, Fuchen and Aukes, Daniel M.},
	journal = {Journal of Mechanisms and Robotics},
	month = {2},
	number = {3},
	title = {{Direct encoding of tunable stiffness into an Origami-Inspired jumping robot leg}},
	volume = {16},
	year = {2023},
	doi = {10.1115/1.4056958},
	url = {https://doi.org/10.1115/1.4056958},
}

@inproceedings{abourachid2016natural,
  title={The natural bipeds, birds and humans: An inspiration for bipedal robots},
  author={Abourachid, Anick and Hugel, Vincent},
  booktitle={Biomimetic and Biohybrid Systems: 5th International Conference, Living Machines 2016, Edinburgh, UK, July 19-22, 2016. Proceedings 5},
  pages={3--15},
  year={2016},
  organization={Springer}
}

@article{rubenson2004gait,
  title={Gait selection in the ostrich: mechanical and metabolic characteristics of walking and running with and without an aerial phase},
  author={Rubenson, Jonas and Heliams, Denham B and Lloyd, David G and Fournier, Paul A},
  journal={Proceedings of the Royal Society of London. Series B: Biological Sciences},
  volume={271},
  number={1543},
  pages={1091--1099},
  year={2004},
  publisher={The Royal Society}
}

@article{drama2020b,
  title = {Trunk pitch oscillations for energy trade-offs in bipedal running birds and robots},
  author = {Drama, Özge and Badri-Spr{\"o}witz, Alexander},
  journal = {Bioinspiration & Biomimetics},
  volume = {15},
  number = {3},
  pages = {036013},
  month = mar,
  year = {2020},
  doi = {10.1088/1748-3190/ab7570},
  url = {https://iopscience.iop.org/article/10.1088/1748-3190/ab7570},
  month_numeric = {3}
}

@inproceedings{daley2019running,
  title={Running birds, humans and robots: Principles of leg control for robustly stable and agile bipedal locomotion},
  author={Daley, Monica A and others},
  booktitle={9ᵗʰ International Symposium on Adaptive Motion of Animals and Machines (AMAM 2019)},
  year={2019}
}

@inproceedings{pratt2008design,
  title={Design of a bipedal walking robot},
  author={Pratt, Jerry and Krupp, Ben},
  booktitle={Unmanned systems technology X},
  volume={6962},
  pages={480--492},
  year={2008},
  organization={SPIE}
}

@article{raibert2008bigdog,
  title={Bigdog, the rough-terrain quadruped robot},
  author={Raibert, Marc and Blankespoor, Kevin and Nelson, Gabriel and Playter, Rob},
  journal={IFAC Proceedings Volumes},
  volume={41},
  number={2},
  pages={10822--10825},
  year={2008},
  publisher={Elsevier}
}

@article{tirumala2019gait,
  title={Gait library synthesis for quadruped robots via augmented random search},
  author={Tirumala, Sashank and Sagi, Aditya and Paigwar, Kartik and Joglekar, Ashish and Bhatnagar, Shalabh and Ghosal, Ashitava and Amrutur, Bharadwaj and Kolathaya, Shishir},
  journal={arXiv preprint arXiv:1912.12907},
  year={2019}
}

@article{guido-2021,
	author = {Guido, Di Pasquo},
	journal = {Zenodo (CERN European Organization for Nuclear Research)},
	month = {8},
	title = {{SG90 Servo Characterization}},
	year = {2021},
	doi = {10.13140/rg.2.2.15715.89127},
	url = {https://zenodo.org/record/5168648},
}

@article{wang2019,
  author = {Wang, M. and others},
  title = {Optimal design of link lengths and joint angles for 5-bar bipedal mechanism},
  journal = {Robotics and Autonomous Systems},
  year = {2019}
}

@article{liu2021,
  author = {Liu, J. and others},
  title = {Workspace analysis and optimization of a 5-bar linkage for bipedal robots},
  journal = {Mechanism and Machine Theory},
  year = {2021}
}

@article{zhou2020,
  author = {Zhou, C. and others},
  title = {Dynamic locomotion control for 5-bar linkage bipedal robots},
  journal = {IEEE Robotics and Automation Letters},
  year = {2020}
}

@inproceedings{kim2018,
  author = {Kim, D. and others},
  title = {Dynamic modeling and control of 5-bar linkage robots},
  booktitle = {Proceedings of the International Conference on Robotics and Automation (ICRA)},
  year = {2018}
}

@inproceedings{rezazadeh2018,
  author = {Rezazadeh, S. and others},
  title = {Energy efficient control of 5-bar bipedal robots},
  booktitle = {Proceedings of the International Conference on Intelligent Robots and Systems (IROS)},
  year = {2018}
}

@article{xiong2019,
  author = {Xiong, X. and others},
  title = {Efficient walking pattern generation for biped robots},
  journal = {Robotics and Autonomous Systems},
  year = {2019}
}

@article{huang2021,
  author = {Huang, Q. and others},
  title = {Dynamic analysis and control of 5-bar linkage walking robots},
  journal = {IEEE Transactions on Robotics},
  year = {2021}
}

@article{kuindersma2016,
  author = {Kuindersma, S. and others},
  title = {Optimization-based locomotion planning for bipedal robots},
  journal = {Autonomous Robots},
  year = {2016}
}

@inproceedings{chen2020,
  author = {Chen, X. and others},
  title = {Compliance modeling for parallel mechanisms in legged robots},
  booktitle = {Proceedings of the International Conference on Robotics and Automation (ICRA)},
  year = {2020}
}

@article{park2021,
  author = {Park, H. and others},
  title = {Load capacity analysis of parallel linkage mechanisms},
  journal = {Mechanism and Machine Theory},
  year = {2021}
}

@article{huang2016,
  author = {Huang, Q. and others},
  title = {Planning Walking Patterns for Biped Robots},
  journal = {IEEE Transactions on Robotics and Automation},
  year = {2016}
}

@article{vukobratovic2004,
  author = {Vukobratović, M. and others},
  title = {Zero-moment point—thirty five years of its life},
  journal = {International Journal of Humanoid Robotics},
  year = {2004}
}

@article{zhang2020,
  author = {Zhang, J. and others},
  title = {Singularity analysis of parallel mechanisms in legged robots},
  journal = {Mechanism and Machine Theory},
  year = {2020}
}
